@Article{Fiala:17,
AUTHOR = {Fiala, Dalibor and Tutoky, Gabriel},
TITLE = {Computer Science Papers in Web of Science: A Bibliometric Analysis},
JOURNAL = {Publications},
VOLUME = {5},
YEAR = {2017},
NUMBER = {4},
ARTICLE-NUMBER = {23},
URL = {https://www.mdpi.com/2304-6775/5/4/23},
ISSN = {2304-6775},
DOI = {10.3390/publications5040023}
}

@online{Chollet:15,
  title={Keras},
  author={Chollet, Francois and others},
  year={2015},
  publisher={GitHub},
  url={https://github.com/fchollet/keras},
}

@misc{Statista:18,
  title={The Countries Leading The World In Scientific Publications},
  author={Statista},
  year={2018},
  url={https://www.statista.com/chart/20347/science-and-engineering-articles-published}
 }